% This file was created with JabRef 2.6.
% Encoding: Cp1252

@BOOK{barsukov2013battery,
  title = {Battery power management for portable devices},
  publisher = {Artech house},
  year = {2013},
  author = {Barsukov, Yevgen and Qian, Jinrong}
}

@BOOK{corves2016new,
  title = {New Advances in Mechanisms, Mechanical Transmissions and Robotics},
  publisher = {Springer},
  year = {2016},
  author = {Corves, Burkhard J and Lovasz, Erwin-Christian and H{\"u}sing, Mathias
	and Maniu, Inocentiu and Gruescu, Corina}
}

@BOOK{marques2017advanced,
  title = {Advanced UAV Aerodynamics, Flight Stability and Control: Novel Concepts,
	Theory and Applications},
  publisher = {John Wiley \& Sons},
  year = {2017},
  author = {Marqu{\'e}s, Pascual and Da Ronch, Andrea}
}

@misc{li2014circuits,
	title={Circuits and methods for controlling battery management systems},
	author={Li, Guoxing},
	year={2014},
	month=nov # "~4",
	publisher={Google Patents},
	note={US Patent 8,880,916}
}

@inproceedings{mostafa2017wireless,
	title={Wireless battery charging system for drones via capacitive power transfer},
	author={Mostafa, Tarek M and Muharam, Aam and Hattori, Reiji},
	booktitle={Emerging Technologies: Wireless Power Transfer (WoW), 2017 IEEE PELS Workshop on},
	pages={1--6},
	year={2017},
	organization={IEEE}
}

@inproceedings{muharam2017design,
	title={Design of power receiving side in wireless charging system for UAV application},
	author={Muharam, Aam and Mostafa, Tarek M and Hattori, Reiji},
	booktitle={Sustainable Energy Engineering and Application (ICSEEA), 2017 International Conference on},
	pages={133--139},
	year={2017},
	organization={IEEE}
}

@article{rajendran2018development,
	title={Development of Design Methodology for a Small Solar-Powered Unmanned Aerial Vehicle},
	author={Rajendran, Parvathy and Smith, Howard},
	journal={International Journal of Aerospace Engineering},
	volume={2018},
	year={2018},
	publisher={Hindawi}
}

@article{shaheed2015flying,
	title={Flying by the Sun only: The Solarcopter prototype},
	author={Shaheed, M Hasan and Abidali, Aly and Ahmed, Jibran and Ahmed, Shakir and Burba, Irmantas and Fani, Pourshid Jan and Kwofie, George and Wojewoda, Kazimierz and Munjiza, Antonio},
	journal={Aerospace Science and Technology},
	volume={45},
	pages={209--214},
	year={2015},
	publisher={Elsevier}
}
@article{jashnani2013sizing,
	title={Sizing and preliminary hardware testing of solar powered UAV},
	author={Jashnani, S and Nada, TR and Ishfaq, M and Khamker, A and Shaholia, P},
	journal={The Egyptian Journal of Remote Sensing and Space Science},
	volume={16},
	number={2},
	pages={189--198},
	year={2013},
	publisher={Elsevier}
}
@inproceedings{kalyani2018energy,
	title={Energy efficient sun synchronous solar panels},
	author={Kalyani, T and Ajmera, Sudhakhar and Krishna, D Leela and Reddy, G Vineeth and Sowmya, S and Bharghavi, V},
	booktitle={2018 2nd International Conference on Inventive Systems and Control (ICISC)},
	year={2018},
	organization={IEEE}
}
@article{wei2017system,
	title={System Identification and Flight Control of an Unmanned Quadrotor},
	author={Wei, Wei and Tischler, Mark B and Schwartz, Nicholas and Cohen, Kelly},
	journal={Advanced UAV Aerodynamics, Flight Stability and Control: Novel Concepts, Theory and Applications},
	pages={695--727},
	year={2017},
	publisher={Wiley Online Library}
}
@article{zhang2018experimental,
	title={Experimental investigation on the online fuzzy energy management of hybrid fuel cell/battery power system for UAVs},
	author={Zhang, Xiaohui and Liu, Li and Dai, Yueling and Lu, Tianhe},
	journal={International Journal of Hydrogen Energy},
	volume={43},
	number={21},
	pages={10094--10103},
	year={2018},
	publisher={Elsevier}
}
@article{bouzid2017boosted,
	title={Boosted Flight Controller for Quadrotor Navigation under disturbances},
	author={Bouzid, Yasser and Siguerdidjane, Houria and Bestaoui, Yasmina},
	journal={IFAC-PapersOnLine},
	volume={50},
	number={1},
	pages={10293--10298},
	year={2017},
	publisher={Elsevier}
}
@inproceedings{sydorenko2012flying,
	title={Flying of the UAV by the solar energy},
	author={Sydorenko, Kostyantyn and Budko, Vasil},
	booktitle={Methods and Systems of Navigation and Motion Control (MSNMC), 2012 2nd International Conference},
	pages={159--160},
	year={2012},
	organization={IEEE}
}
@article{shiau2009design,
	title={Design of a solar power management system for an experimental UAV},
	author={Shiau, Jaw-Kuen and Ma, Der-Ming and Yang, Pin-Ying and Wang, Geng-Feng and Gong, Jhij Hua},
	journal={IEEE transactions on aerospace and electronic systems},
	volume={45},
	number={4},
	year={2009},
	publisher={IEEE}
}